%============ Bibliography Syntaxe ============%
%      Just follow examples written below      %
%==============================================%

@electronic{apache,
  organization = {Apache},
  title        = {Définition d'outil Apache},
  url          = {https://httpd.apache.org/ABOUT\_APACHE.html},
  year         = {Fév. 2012},
  note         = {[Accès le 01-07-2020]}
}

@electronic{axios,
  organization = {npmjs},
  title        = {Définition d'outil Axios},
  url          = {https://www.npmjs.com/package/axios},
  year         = {Fév. 2020},
  note         = {[Accès le 01-07-2020]}
}

@electronic{boosted,
  organization = {Orange},
  title        = {Définition d'outil Boosted},
  url          = {https://boosted.orange.com/docs/4.5/getting-started/introduction/},
  year         = {Fév. 2018},
  note         = {[Accès le 01-07-2020]}
}

@electronic{eclipse,
  organization = {Eclipse Foundation},
  title        = {Définition d'outil Eclipse IDE},
  url          = {https://www.eclipse.org/ide},
  year         = {Fév. 2018},
  note         = {[Accès le 01-07-2020]}
}

@electronic{emailextension,
  organization = {Jenkins},
  title        = {Définition d'outil Email Extension},
  url          = {https://plugins.jenkins.io/email-ext/},
  year         = {Mars 2020},
  note         = {[Accès le 01-07-2020]}
}

@electronic{geckodrive,
  organization = {Edureka},
  author       = {Neha Vaidya},
  title        = {Définition d'outil Geckodriver},
  url          = {https://www.edureka.co/blog/selenium-chromedriver-and-geckodriver/},
  year         = {Mai 2020},
  note         = {[Accès le 01-07-2020]}
}

@electronic{heidisql,
  organization = {HeidiSQL},
  title        = {Définition d'outil HeidiSQL},
  url          = {https://www.heidisql.com/},
  year         = {Avr. 2019},
  note         = {[Accès le 01-07-2020]}
}

@electronic{html,
  organization = {w3schools},
  title        = {Définition d'outil HTML5},
  url          = {https://www.w3schools.com/html/html_intro.asp},
  year         = {Sept. 2015},
  note         = {[Accès le 01-07-2020]}
}

@electronic{jenkins,
  organization = {Jenkins},
  title        = {Définition d'outil Jenkins},
  url          = {https://www.jenkins.io/},
  year         = {Oct. 2018},
  note         = {[Accès le 01-07-2020]}
}

@electronic{jquery,
  organization = {JQuery},
  title        = {Définition d'outil JQuery},
  url          = {https://jquery.com/},
  year         = {Sept. 2020},
  note         = {[Accès le 01-07-2020]}
}

@electronic{js,
  organization = {Mozilla},
  title        = {Définition d'outil Javascript},
  url          = {https://developer.mozilla.org/fr/docs/Web/JavaScript},
  year         = {Juin 2020},
  note         = {[Accès le 01-07-2020]}
}

@electronic{laragon,
  organization = {Laragon},
  title        = {Définition d'outil Laragon},
  url          = {https://laragon.org/why-laragon/},
  year         = {Nov. 2019},
  note         = {[Accès le 01-07-2020]}
}

@electronic{mariadb,
  organization = {MariaDB Foundation},
  title        = {Définition d'outil MariaDB},
  url          = {https://mariadb.org/documentation/},
  year         = {Fév. 2016},
  note         = {[Accès le 01-07-2020]}
}

@electronic{oft,
  organization = {Orange},
  title        = {Définition d'outil OFT},
  url          = {https://oft.itn.intraorange},
  year         = {Janv. 2017},
  note         = {[Accès le 23-04-2020]}
}

@techreport{panoramix,
  author      = {Yassine DAMMAK},
  title       = {Projet « PANORAMIX» Version  G1R 1},
  institution = {Sofrecom},
  year        = {2017},
  note        = {[Accès le 01/07/2020]}
}

@electronic{php,
  organization = {PHP},
  title        = {Définition d'outil PHP},
  url          = {https://www.php.net/docs.php},
  year         = {Août 2015},
  note         = {[Accès le 01-07-2020]}
}

@electronic{php-perf,
  organization = {Journal du Net},
  author       = {Antoine Crochet-Damais},
  title        = {PHP 7 vs PHP 5.6 : le comparatif de performance du JDN},
  url          = {https://www.journaldunet.com/web-tech/developpeur/1164015-php-7-le-test-du-jdn/},
  year         = {Oct. 2015},
  note         = {[Accès le 01-07-2020]}
}

@electronic{robotframework,
  organization = {Robot Framework},
  title        = {Définition d'outil Robot Framework},
  url          = {https://robotframework.org/},
  year         = {Jui. 2018},
  note         = {[Accès le 01-07-2020]}
}

@electronic{seleniumlib,
  organization = {Robot Framework},
  title        = {Définition d'outil SeleniumLibrary},
  url          = {https://robotframework.org/SeleniumLibrary/SeleniumLibrary.html},
  year         = {Jui. 2018},
  note         = {[Accès le 01-07-2020]}
}

@electronic{sofrecom,
  organization = {Sofrecom},
  title        = {Présentation de Sofrecom},
  url          = {https://www.sofrecom.com/fr/a-propos-de-nous/notre-entreprise},
  year         = {Jul. 2019},
  note         = {[Accès le 30-06-2020]}
}

@electronic{sofrecomTun,
  organization = {Sofrecom Tunisie},
  title        = {Présentation de Sofrecom Tunisie},
  url          = {https://www.keejob.com/offres-emploi/companies/2241/sofrecom-tunisie/},
  year         = {Fév. 2018},
  note         = {[Accès le 30-06-2020]}
}

@electronic{vscode,
  organization = {Visual studio Code},
  title        = {Définition d'outil Visual studio Code},
  url          = {https://code.visualstudio.com/docs},
  year         = {Jui. 2019},
  note         = {[Accès le 01-07-2020]}
}

@electronic{php-quora,
  organization = {Quora},
  author       = {Asif Raza},
  title        = {What are the major difference between PHP 5 and PHP 7?},
  url          = {https://www.quora.com/What-are-the-major-difference-between-PHP-5-and-PHP-7},
  year         = {Janv. 2017},
  note         = {[Accès le 01-07-2020]}
}

@electronic{mysql-maria,
  organization = {Liquid Web},
  author       = {Jason Potter},
  title        = {MySQL Performance: MySQL vs. MariaDB},
  url          = {https://www.liquidweb.com/kb/mysql-performance-mysql-vs-mariadb/},
  year         = {Oct. 2018},
  note         = {[Accès le 01-07-2020]}
}

@techreport{oft-doc,
  author      = {Julien Huser},
  title       = {L'IT WEBINAR sur le framework PHP interne dans sa version 3},
  institution = {Orange},
  year        = {2018},
  note        = {[Accès le 10/05/2020]}
}

@electronic{xvfb,
	organization = {X.org},
	title        = {Définition d'outil Xvfb},
	url          = {https://www.x.org/releases/X11R7.6/doc/man/man1/Xvfb.1.xhtml},
	year         = {Janv. 2007},
	note         = {[Accès le 02-07-2020]}
}

@electronic{essentiels2020,
	organization = {Orange},
	title        = {Qu’est-ce qu’une expérience client de qualité à l’ère digitale ?},
	url          = {https://www.orange.com/fr/content/download/37398/1148540/version/3/file/Chapitre%204.pdf},
	year         = {2015},
	note         = {[Accès le 02-07-2020]}
}